<?xml version='1.0' encoding='UTF-8'?>
<record xmlns="http://www.loc.gov/MARC21/slim">
  <leader>01399cam a2200349 a 4500</leader>
  <controlfield tag="001">1034167</controlfield>
  <controlfield tag="003">NjP</controlfield>
  <controlfield tag="005">20171027100404.0</controlfield>
  <controlfield tag="008">960105q19001995ir j          000 0bara d</controlfield>
  <datafield tag="024" ind1="7" ind2=" ">
    <subfield code="a">princeton_aco002718</subfield>
    <subfield code="2">local</subfield>
  </datafield>
  <datafield ind1=" " ind2=" " tag="035">
    <subfield code="a">(OCoLC)ocn176343059</subfield>
  </datafield>
  <datafield ind1=" " ind2=" " tag="040">
    <subfield code="a">NjP</subfield>
    <subfield code="c">PUL</subfield>
    <subfield code="d">PUL</subfield>
  </datafield>
  <datafield ind1=" " ind2=" " tag="035">
    <subfield code="a">(OCoLC)176343059</subfield>
  </datafield>
  <datafield ind1=" " ind2=" " tag="035">
    <subfield code="a">(CStRLIN)NJPG96-B1034</subfield>
  </datafield>
  <datafield ind1=" " ind2=" " tag="035">
    <subfield code="9">CCA9425TS</subfield>
  </datafield>
  <datafield ind1=" " ind2=" " tag="035">
    <subfield code="a">(NjP)1034167</subfield>
  </datafield>
  <datafield ind1=" " ind2=" " tag="079">
    <subfield code="a">ocm34253318</subfield>
  </datafield>
  <datafield ind1=" " ind2=" " tag="049">
    <subfield code="a">PULL</subfield>
  </datafield>
  <datafield ind1="1" ind2=" " tag="100">
    <subfield code="6">880-01</subfield>
    <subfield code="a">Burūjirdī, Ḥusayn al-Ṭabāṭabāʼī,</subfield>
    <subfield code="d">1875-1961.</subfield>
    <subfield code="0">http://id.loc.gov/authorities/names/n87828422</subfield>
  </datafield>
  <datafield ind1="1" ind2="0" tag="240">
    <subfield code="6">880-02</subfield>
    <subfield code="a">Tadhkirah</subfield>
  </datafield>
  <datafield ind1="1" ind2="0" tag="245">
    <subfield code="6">880-03</subfield>
    <subfield code="a">Hādhihi Tadhkirah /</subfield>
    <subfield code="c">jamaʻahā Ḥusayn Aḥmadī al-Ṭabāṭabāʼī al-Burūjirdī.</subfield>
  </datafield>
  <datafield ind1=" " ind2=" " tag="260">
    <subfield code="a">[S.l. :</subfield>
    <subfield code="b">s.n.,</subfield>
    <subfield code="c">19--]</subfield>
  </datafield>
  <datafield ind1=" " ind2=" " tag="300">
    <subfield code="a">65, 29 p. :</subfield>
    <subfield code="b">geneol. ;</subfield>
    <subfield code="c">22 cm.</subfield>
  </datafield>
  <datafield ind1=" " ind2=" " tag="500">
    <subfield code="a">Biography of Muḥammad ibn ʻABd al-Karīm al-Ḥasanī.</subfield>
  </datafield>
  <datafield ind1="1" ind2="0" tag="600">
    <subfield code="6">880-04</subfield>
    <subfield code="a">Burūjirdī, Muḥammad ibn ʻAbd al-Karīm.</subfield>
  </datafield>
  <datafield ind1="1" ind2=" " tag="880">
    <subfield code="6">100-01/r</subfield>
    <subfield code="a">بروجردي، حسين الطباطبائي،</subfield>
    <subfield code="d">1875-1961.</subfield>
  </datafield>
  <datafield ind1="1" ind2="0" tag="880">
    <subfield code="6">240-02/r</subfield>
    <subfield code="a">تذكرة</subfield>
  </datafield>
  <datafield ind1="1" ind2="0" tag="880">
    <subfield code="6">245-03/r</subfield>
    <subfield code="a">هذه تذكرة /</subfield>
    <subfield code="c">جمعها حسين احمدي الطباطبائي البروجردي.</subfield>
  </datafield>
  <datafield ind1="1" ind2="0" tag="880">
    <subfield code="6">600-04/r</subfield>
    <subfield code="a">بروجردي، محمد بن عبد الكريم.</subfield>
  </datafield>
  <datafield ind1=" " ind2=" " tag="998">
    <subfield code="a">02/15/96</subfield>
    <subfield code="s">9114</subfield>
    <subfield code="n">NjP</subfield>
    <subfield code="w">NJPG96B1034</subfield>
    <subfield code="d">01/05/96</subfield>
    <subfield code="c">KC</subfield>
    <subfield code="b">KC</subfield>
    <subfield code="i">960215</subfield>
    <subfield code="l">NJPG</subfield>
  </datafield>
  <datafield ind1=" " ind2=" " tag="911">
    <subfield code="a">19960223</subfield>
  </datafield>
  <datafield ind1=" " ind2=" " tag="912">
    <subfield code="a">19960215000000.0</subfield>
  </datafield>
  <datafield ind1=" " ind2=" " tag="994">
    <subfield code="a">C0</subfield>
    <subfield code="b">PUL</subfield>
  </datafield>
  <datafield ind1=" " ind2=" " tag="999">
    <subfield code="a">1034167</subfield>
  </datafield>
  <datafield ind1="0" ind2="0" tag="852">
    <subfield code="0">1193654</subfield>
    <subfield code="b">rcppa</subfield>
    <subfield code="t">1</subfield>
    <subfield code="h">BP80.B87</subfield>
    <subfield code="i">B878 1900z</subfield>
    <subfield code="x">tr fr arab</subfield>
  </datafield>
  <datafield ind1=" " ind2=" " tag="959">
    <subfield code="a">2000-06-13 00:00:00 -0500</subfield>
  </datafield>
</record>
